%% This BibTeX bibliography file was created using BibDesk.
%% http://bibdesk.sourceforge.net/

%% Created for Brecht Van de Vyvere at 2015-11-15 16:44:31 +0100 


%% Saved with string encoding Unicode (UTF-8) 



@manual{gtfs-ref,
	Author = {Google Developers},
	Date-Added = {2015-11-15 15:07:52 +0000},
	Date-Modified = {2015-11-15 15:44:28 +0000},
	Keywords = {GTFS},
	Organization = {Google},
	Title = {GTFS referentie},
	Url = {https://developers.google.com/transit/gtfs/reference},
	Urldate = {2015-11-15},
	Year = {2015}}

@inproceedings{verborgh_iswc_demo_2014,
  author = {Verborgh, Ruben and Hartig, Olaf and De Meester, Ben and Haesendonck, Gerald and De Vocht, Laurens and Vander Sande, Miel and Cyganiak, Richard and Colpaert, Pieter and Mannens, Erik and Van de Walle, Rik},
  booktitle = {Proceedings of the 13th International Semantic Web Conference: Posters and Demos},
  title = {Low-Cost Queryable {Linked Data} through Triple Pattern Fragments},
  year = 2014,
  month = oct,
  volume = 1272,
  pages = {13--16},
  url = {http://ceur-ws.org/Vol-1272/paper_10.pdf},
}

@inproceedings{colpaert_iswc_2015,
  author = {Colpaert, Pieter and Llaves, Alejandro and Verborgh, Ruben and Corcho, Oscar and Mannens, Erik and Van de Walle, Rik},
  booktitle = {Proceedings of the 14th International Semantic Web Conference: Posters and Demos},
  title = {Intermodal public transit routing using {Linked Connections}},
  year = 2015,
  month = oct,
}


@webpage{RDF11-CONCEPTS,
	Date-Added = {2015-11-22 13:54:51 +0000},
	Date-Modified = {2015-11-22 13:55:13 +0000},
	Url = {http://www.w3.org/TR/rdf11-concepts/}}

@inproceedings{verborgh_ldow_2014,
title = {Web-Scale Querying through {Linked Data Fragments}},
author = {Verborgh, Ruben and Vander Sande, Miel and Colpaert, Pieter and Coppens, Sam and Mannens, Erik and Van de Walle, Rik},
year = 2014,
month = apr,
booktitle = {Proceedings of the 7th Workshop on Linked Data on the Web},
url = {http://events.linkeddata.org/ldow2014/papers/ldow2014_paper_04.pdf},
}

